% Encoding: UTF-8

@InProceedings{DBLP:conf/nsdi/JiangSMSS016,
  author    = {Junchen Jiang and Vyas Sekar and Henry Milner and Davis Shepherd and Ion Stoica and Hui Zhang},
  title     = {{CFA:} {A} Practical Prediction System for Video QoE Optimization},
  booktitle = {13th {USENIX} Symposium on Networked Systems Design and Implementation, {NSDI} 2016, Santa Clara, CA, USA, March 16-18, 2016},
  year      = {2016},
  pages     = {137--150},
  bibsource = {dblp computer science bibliography, https://dblp.org},
  biburl    = {https://dblp.org/rec/bib/conf/nsdi/JiangSMSS016},
  timestamp = {Tue, 28 Mar 2017 14:03:28 +0200},
  url       = {https://www.usenix.org/conference/nsdi16/technical-sessions/presentation/jiang},
}

@InProceedings{DBLP:conf/globecom/ZhuMW016,
  author    = {Guowei Zhu and Chou Mo and Zhi Wang and Wenwu Zhu},
  title     = {User Mapping Strategies in Multi-Cloud Streaming: {A} Data-Driven Approach},
  booktitle = {2016 {IEEE} Global Communications Conference, {GLOBECOM} 2016, Washington, DC, USA, December 4-8, 2016},
  year      = {2016},
  pages     = {1--6},
  bibsource = {dblp computer science bibliography, https://dblp.org},
  biburl    = {https://dblp.org/rec/bib/conf/globecom/ZhuMW016},
  doi       = {10.1109/GLOCOM.2016.7842366},
  timestamp = {Wed, 16 Oct 2019 14:14:51 +0200},
  url       = {https://doi.org/10.1109/GLOCOM.2016.7842366},
}

@InProceedings{DBLP:conf/sigcomm/BalachandranSASSZ13,
  author    = {Athula Balachandran and Vyas Sekar and Aditya Akella and Srinivasan Seshan and Ion Stoica and Hui Zhang},
  title     = {Developing a predictive model of quality of experience for internet video},
  booktitle = {{ACM} {SIGCOMM} 2013 Conference, SIGCOMM'13, Hong Kong, China, August 12-16, 2013},
  year      = {2013},
  pages     = {339--350},
  bibsource = {dblp computer science bibliography, https://dblp.org},
  biburl    = {https://dblp.org/rec/bib/conf/sigcomm/BalachandranSASSZ13},
  doi       = {10.1145/2486001.2486025},
  timestamp = {Tue, 06 Nov 2018 11:07:11 +0100},
  url       = {https://doi.org/10.1145/2486001.2486025},
}

@InProceedings{DBLP:conf/icc/HaouariBEMG19,
  author    = {Fatima Haouari and Emna Baccour and Aiman Erbad and Amr Mohamed and Mohsen Guizani},
  title     = {QoE-Aware Resource Allocation for Crowdsourced Live Streaming: {A} Machine Learning Approach},
  booktitle = {2019 {IEEE} International Conference on Communications, {ICC} 2019, Shanghai, China, May 20-24, 2019},
  year      = {2019},
  pages     = {1--6},
  bibsource = {dblp computer science bibliography, https://dblp.org},
  biburl    = {https://dblp.org/rec/bib/conf/icc/HaouariBEMG19},
  doi       = {10.1109/ICC.2019.8761591},
  timestamp = {Wed, 16 Oct 2019 14:14:50 +0200},
  url       = {https://doi.org/10.1109/ICC.2019.8761591},
}

@InProceedings{DBLP:conf/sigcomm/Zhang0KGJ19,
  author    = {Xu Zhang and Siddhartha Sen and Daniar Kurniawan and Haryadi Gunawi and Junchen Jiang},
  title     = {{E2E:} embracing user heterogeneity to improve quality of experience on the web},
  booktitle = {Proceedings of the {ACM} Special Interest Group on Data Communication, {SIGCOMM} 2019, Beijing, China, August 19-23, 2019},
  year      = {2019},
  pages     = {289--302},
  bibsource = {dblp computer science bibliography, https://dblp.org},
  biburl    = {https://dblp.org/rec/bib/conf/sigcomm/Zhang0KGJ19},
  doi       = {10.1145/3341302.3342089},
  timestamp = {Thu, 15 Aug 2019 08:56:59 +0200},
  url       = {https://doi.org/10.1145/3341302.3342089},
}

@Article{DBLP:journals/network/WangCWXJ18,
  author    = {Mowei Wang and Yong Cui and Xin Wang and Shihan Xiao and Junchen Jiang},
  title     = {Machine Learning for Networking: Workflow, Advances and Opportunities},
  journal   = {{IEEE} Network},
  year      = {2018},
  volume    = {32},
  number    = {2},
  pages     = {92--99},
  bibsource = {dblp computer science bibliography, https://dblp.org},
  biburl    = {https://dblp.org/rec/bib/journals/network/WangCWXJ18},
  doi       = {10.1109/MNET.2017.1700200},
  timestamp = {Fri, 20 Apr 2018 16:32:00 +0200},
  url       = {https://doi.org/10.1109/MNET.2017.1700200},
}

@Article{DBLP:journals/adhoc/CiccoMP19,
  author    = {Luca De Cicco and Saverio Mascolo and Vittorio Palmisano},
  title     = {QoE-driven resource allocation for massive video distribution},
  journal   = {Ad Hoc Networks},
  year      = {2019},
  volume    = {89},
  pages     = {170--176},
  bibsource = {dblp computer science bibliography, https://dblp.org},
  biburl    = {https://dblp.org/rec/bib/journals/adhoc/CiccoMP19},
  doi       = {10.1016/j.adhoc.2019.02.008},
  timestamp = {Thu, 02 May 2019 16:22:23 +0200},
  url       = {https://doi.org/10.1016/j.adhoc.2019.02.008},
}

@Comment{jabref-meta: databaseType:bibtex;}
